<record><leader>00000cas a22000007a 4500</leader><controlfield tag="001">14373406</controlfield><controlfield tag="008">861010d19211927wiuwr ne      0    0ger d</controlfield><datafield ind1=" " ind2=" " tag="010"><subfield code="a">sn 86086707 </subfield></datafield><datafield ind1=" " ind2=" " tag="040"><subfield code="a">NPV</subfield><subfield code="b">eng</subfield><subfield code="c">NPV</subfield><subfield code="d">OCLCQ</subfield></datafield><datafield ind1=" " ind2=" " tag="042"><subfield code="a">msc</subfield></datafield><datafield ind1="0" ind2=" " tag="130"><subfield code="a">Wochenblatt (Marshfield, Wis.)</subfield></datafield><datafield ind1="0" ind2="5" tag="245"><subfield code="a">[Das Wochenblatt].</subfield></datafield><datafield ind1=" " ind2=" " tag="260"><subfield code="a">Marshfield, Wis. :</subfield><subfield code="b">Witt &amp; Rebsteck,</subfield><subfield code="c">1921-</subfield></datafield><datafield ind1=" " ind2=" " tag="300"><subfield code="a">v.</subfield></datafield><datafield ind1=" " ind2=" " tag="310"><subfield code="a">Weekly</subfield></datafield><datafield ind1="0" ind2=" " tag="362"><subfield code="a">Vol. 37, no. 22 (3. Ma&#776;rz 1921)-</subfield></datafield><datafield ind1="1" ind2=" " tag="362"><subfield code="a">Ceased in Nov. 1927?</subfield></datafield><datafield ind1=" " ind2=" " tag="500"><subfield code="a">Publisher varies.</subfield></datafield><datafield ind1=" " ind2=" " tag="546"><subfield code="a">In German.</subfield></datafield><datafield ind1=" " ind2=" " tag="752"><subfield code="a">United States</subfield><subfield code="b">Wisconsin</subfield><subfield code="c">Wood</subfield><subfield code="d">Marshfield.</subfield></datafield><datafield ind1=" " ind2=" " tag="752"><subfield code="a">United States</subfield><subfield code="b">Wisconsin</subfield><subfield code="c">Marathon</subfield><subfield code="d">Marshfield.</subfield></datafield><datafield ind1="0" ind2="0" tag="780"><subfield code="t">Marshfield demokrat</subfield><subfield code="w">(DLC)sn8608066706</subfield><subfield code="w">(OCoLC)14373392</subfield></datafield><datafield ind1="0" ind2="0" tag="785"><subfield code="t">Marshfield journal</subfield><subfield code="w">(DLC)sn 86086660</subfield><subfield code="w">(OCoLC)14163294</subfield></datafield><datafield ind1="1" ind2=" " tag="029"><subfield code="a">AU@</subfield><subfield code="b">000025831545</subfield></datafield></record>